<?xml version="1.0" encoding="UTF-8"?><collection xmlns="http://www.loc.gov/MARC21/slim"><record><leader>00573nam--2200181-u-4500</leader><controlfield tag="001">000056763</controlfield><controlfield tag="002">20190620</controlfield><controlfield tag="005">20190620044401</controlfield><controlfield tag="008">190620s1000------------r-----000-0-eng-d</controlfield><datafield ind1=" " ind2=" " tag="040"><subfield code="a">IFIN-HH</subfield></datafield><datafield ind1=" " ind2=" " tag="041"><subfield code="a">eng</subfield></datafield><datafield ind1="1" ind2=" " tag="100"><subfield code="a">Hest, Marinus Franciscus Antonius Maria van</subfield></datafield><datafield ind1="1" ind2="0" tag="245"><subfield code="a">High Rate Plasma Deposition of Silicon Oxide Like Films</subfield><subfield code="c">Marinus Franciscus Antonius Maria van Hest</subfield></datafield><datafield ind1=" " ind2=" " tag="260"><subfield code="a">Eindhoven</subfield><subfield code="b">Eindhoven University of Technology</subfield><subfield code="c">2002</subfield></datafield><datafield ind1=" " ind2=" " tag="300"><subfield code="a">I-II+ 176 p</subfield></datafield><datafield ind1=" " ind2=" " tag="500"><subfield code="a">Donatie Gheorghe Dinescu</subfield></datafield><datafield ind1=" " ind2=" " tag="852"><subfield code="a">82740</subfield><subfield code="c">533.9</subfield></datafield><datafield ind1=" " ind2=" " tag="CAT"><subfield code="a">SYS</subfield><subfield code="c">20190620</subfield><subfield code="h">044401</subfield></datafield></record></collection>